

@article{kulas2017approximate,
  title={Approximate Functional Relationship between IRT and CTT Item Discrimination Indices: A Simulation, Validation, and Practical Extension of Lord's (1980) Formula.},
  author={Kulas, John T and Smith, Jeffrey A and Xu, Hui},
  journal={Journal of applied measurement},
  volume={18},
  number={4},
  pages={393--407},
  year={2017}
}

@book{lord2012applications,
  title={Applications of item response theory to practical testing problems},
  author={Lord, Frederic M},
  year={2012},
  publisher={Routledge}
}